@article{cmshiggs,
    author = "CMS Collaboration",
    collaboration = "CMS",
    title = "{Observation of a New Boson at a Mass of 125 GeV with the CMS Experiment at the LHC}",
    eprint = "arXiv:1207.7235",
    archivePrefix = "arXiv",
    primaryClass = "hep-ex",
    reportNumber = "CMS-HIG-12-028, CERN-PH-EP-2012-220",
    doi = "10.1016/j.physletb.2012.08.021",
    journal = "Phys. Lett. B",
    volume = "716",
    pages = "30--61",
    year = "2012"
}


@article{atlashiggs,
    author = "ATLAS Collaboration",
    collaboration = "ATLAS",
    title = "{Observation of a new particle in the search for the Standard Model Higgs boson with the ATLAS detector at the LHC}",
    eprint = "arXiv:1207.7214",
    archivePrefix = "arXiv",
    primaryClass = "hep-ex",
    reportNumber = "CERN-PH-EP-2012-218",
    doi = "10.1016/j.physletb.2012.08.020",
    journal = "Phys. Lett. B",
    volume = "716",
    pages = "1--29",
    year = "2012"
}

@article{scikitlearn,
  author  = {F. Pedregosa and others},
  title   = {Scikit-learn: Machine Learning in Python},
  journal = {Journal of Machine Learning Research},
  year    = {2011},
  volume  = {12},
  eprint  = "arXiv:1201.0490",
  primaryClass = "hep-ex",
  archivePrefix = "arXiv",
  number  = {85},
  pages   = {2825-2830},
  url     = {https://jmlr.org/papers/volume12/pedregosa11a/pedregosa11a.pdf}
}

@article{cmscomb,
    author = "CMS Collaboration",
    collaboration = "CMS",
    title = "{Combination of searches for Higgs boson pair production in proton-proton collisions at $\sqrt{s} = $ 13 TeV}",
    eprint = "arXiv:1811.09689",
    archivePrefix = "arXiv",
    primaryClass = "hep-ex",
    reportNumber = "CMS-HIG-17-030, CERN-EP-2018-292",
    doi = "10.1103/PhysRevLett.122.121803",
    journal = "Phys. Rev. Lett.",
    volume = "122",
    number = "12",
    pages = "121803",
    year = "2019"
}

@article{deFlorian:2016spz,
    author = "de Florian, D. and others",
    collaboration = "LHC Higgs Cross Section Working Group",
    title = "{Handbook of LHC Higgs Cross Sections: 4. Deciphering the Nature of the Higgs Sector}",
    eprint = "arXiv:1610.07922",
    archivePrefix = "arXiv",
    primaryClass = "hep-ph",
    reportNumber = "CERN-2017-002-M, CERN-2017-002",
    doi = "10.23731/CYRM-2017-002",
    volume = "2/2017",
    month = "10",
    year = "2016"
}

@article{Ellwanger:2017skc,
    author = "U. Ellwanger and M. Rodriguez-Vazquez",
    title = "{Simultaneous search for extra light and heavy Higgs bosons via cascade decays}",
    eprint = "arXiv:1707.08522",
    archivePrefix = "arXiv",
    primaryClass = "hep-ph",
    reportNumber = "LPT-ORSAY-17-33",
    doi = "10.1007/JHEP11(2017)008",
    journal = "JHEP",
    volume = "11",
    pages = "008",
    year = "2017"
}


@article{Robens:2019kga,
    author = "T. Robens and others",
    title = "{Two-real-scalar-singlet extension of the SM: LHC phenomenology and benchmark scenarios}",
    eprint = "arXiv:1908.08554",
    archivePrefix = "arXiv",
    primaryClass = "hep-ph",
    reportNumber = "DESY-19-142, DESY 19-142",
    doi = "10.1140/epjc/s10052-020-7655-x",
    journal = "Eur. Phys. J. C",
    volume = "80",
    number = "2",
    pages = "151",
    year = "2020"
}

@article{Ellwanger:2009dp,
    author = "Ellwanger, U. and others",
    title = "{The Next-to-Minimal Supersymmetric Standard Model}",
    eprint = "arXiv:0910.1785",
    archivePrefix = "arXiv",
    primaryClass = "hep-ph",
    reportNumber = "LPT-ORSAY-09-76, CFTP-09-032, LPTA-09-066",
    doi = "10.1016/j.physrep.2010.07.001",
    journal = "Phys. Rept.",
    volume = "496",
    pages = "1--77",
    year = "2010"
}

@article{RandallSundrum,
    author = "Randall, L. and Sundrum, R.",
    title = "{A large mass hierarchy from a small extra dimension}",
    eprint = "arXiv:9905221",
    archivePrefix = "arXiv",
    reportNumber = "MIT-CTP-2860, PUPT-1860, BUHEP-99-9",
    doi = "10.1103/PhysRevLett.83.3370",
    journal = "Phys. Rev. Lett.",
    volume = "83",
    pages = "3370--3373",
    year = "1999"
}

@article{Robens,
    author = "Robens, T. and Stefaniak, T.",
    title = "{Status of the Higgs Singlet Extension of the Standard Model after LHC Run 1}",
    eprint = "arXiv:1501.02234",
    archivePrefix = "arXiv",
    primaryClass = "hep-ph",
    reportNumber = "SCIPP-15-02",
    doi = "10.1140/epjc/s10052-015-3323-y",
    journal = "Eur. Phys. J. C",
    volume = "75",
    pages = "104",
    year = "2015"
}

@article{Djouadi,
    author = "Djouadi, A. and others",
    title = "{The post-Higgs MSSM scenario: Habemus MSSM?}",
    eprint = "arXiv:1307.5205",
    archivePrefix = "arXiv",
    primaryClass = "hep-ph",
    reportNumber = "LPT-ORSAY-13-56",
    doi = "10.1140/epjc/s10052-013-2650-0",
    journal = "Eur. Phys. J. C",
    volume = "73",
    pages = "2650",
    year = "2013"
}

@article{DiMicco:2019ngk,
    author = "Alison, J. and others",
    editor = "Di Micco, Biagio and Gouzevitch, Maxime and Mazzitelli, Javier and Vernieri, Caterina",
    title = "{Higgs boson potential at colliders: Status and perspectives}",
    eprint = "arXiv:1910.00012",
    archivePrefix = "arXiv",
    primaryClass = "hep-ph",
    reportNumber = "FERMILAB-CONF-19-468-E-T, LHCXSWG-2019-005",
    doi = "10.1016/j.revip.2020.100045",
    journal = "Rev. Phys.",
    volume = "5",
    pages = "100045",
    year = "2020"
}

@article{atlascomb,
    author = "ATLAS Collaboration",
    collaboration = "ATLAS",
    title = "{Combination of searches for Higgs boson pairs in $pp$ collisions at $\sqrt{s} = $13 TeV with the ATLAS detector}",
    eprint = "arXiv:1906.02025",
    archivePrefix = "arXiv",
    primaryClass = "hep-ex",
    reportNumber = "CERN-EP-2019-099",
    doi = "10.1016/j.physletb.2019.135103",
    journal = "Phys. Lett. B",
    volume = "800",
    pages = "135103",
    year = "2020"
}

@article{Dawson:2015haa,
    author = "Dawson, S. and Lewis, I. M.",
    title = "{NLO corrections to double Higgs boson production in the Higgs singlet model}",
    eprint = "arXiv:1508.05397",
    archivePrefix = "arXiv",
    primaryClass = "hep-ph",
    reportNumber = "SLAC-PUB-16335",
    doi = "10.1103/PhysRevD.92.094023",
    journal = "Phys. Rev. D",
    volume = "92",
    number = "9",
    pages = "094023",
    year = "2015"
}


@article{Frederix:2014hta,
    author = "Frederix, R. and others",
    title = "{Higgs pair production at the LHC with NLO and parton-shower effects}",
    eprint = "arXiv:1401.7340",
    archivePrefix = "arXiv",
    primaryClass = "hep-ph",
    reportNumber = "CERN-PH-TH-2014-014, CP3-14-07, ZU-TH03-14, LPN14-055",
    doi = "10.1016/j.physletb.2014.03.026",
    journal = "Phys. Lett. B",
    volume = "732",
    pages = "142--149",
    year = "2014"
}

@article{Goertz:2014qta,
    author = "Goertz, Florian and others",
    title = "{Higgs boson pair production in the D=6 extension of the SM}",
    eprint = "arXiv:1410.3471",
    archivePrefix = "arXiv",
    primaryClass = "hep-ph",
    doi = "10.1007/JHEP04(2015)167",
    journal = "JHEP",
    volume = "04",
    pages = "167",
    year = "2015"
}

@article{Oliveira:2014kla,
    author = "Carvalho, A.",
    title = "{Gravity particles from Warped Extra Dimensions, predictions for LHC}",
    eprint = "arXiv:1404.0102",
    archivePrefix = "arXiv",
    primaryClass = "hep-ph",
    month = "3",
    year = "2014"
}


@article{Carvalho:2015ttv,
    author = "Carvalho, A. and others",
    title = "{Higgs Pair Production: Choosing Benchmarks With Cluster Analysis}",
    eprint = "arXiv:1507.02245",
    archivePrefix = "arXiv",
    primaryClass = "hep-ph",
    doi = "10.1007/JHEP04(2016)126",
    journal = "JHEP",
    volume = "04",
    pages = "126",
    year = "2016"
}


@article{Carvalho:2017vnu,
    author = "Carvalho, Alexandra and others",
    title = "{On the reinterpretation of non-resonant searches for Higgs boson pairs}",
    eprint = "arXiv:1710.08261",
    archivePrefix = "arXiv",
    primaryClass = "hep-ph",
    doi = "10.1007/JHEP02(2021)049",
    journal = "JHEP",
    volume = "02",
    pages = "049",
    year = "2021"
}

@article{Karshenboim:2005iy,
    author = "Karshenboim, Savely G.",
    title = "{Precision physics of simple atoms: QED tests, nuclear structure and fundamental constants}",
    eprint = "arXiv:0509010",
    archivePrefix = "arXiv",
    doi = "10.1016/j.physrep.2005.08.008",
    journal = "Phys. Rept.",
    volume = "422",
    pages = "1--63",
    year = "2005"
}

@article{pdg,
    author = "Zyla, P. A. and others",
    title = "{Review of Particle Physics}",
    doi = "10.1093/ptep/ptaa104",
    journal = "PTEP",
    volume = "2020",
    number = "8",
    pages = "083C01",
    year = "2020"
}

@book{costa,
    author = "Costa, G. and Fogli, G.i",
    title = "{Symmetries and group theory in particle physics. An introduction to space-time and internal symmetries}",
    DOI = "10.1007/978-3-642-15482-9",
    publisher = "Springer",
    address   = "Heidelberg, Germany",
    volume = "823",
    year = "2012"
}

@book{martin,
      author        = "Martin, B. and Shaw, G.",
      title         = "{Particle Physics}",
      publisher     = "John Wiley and Sons",
      isbn = "978-1-118-91190-7",
      edition       = "4th",
      address       = "Sussex, U.K.",
      year          = "2016",
      url           ="https://www.wiley.com/en-us/Particle+Physics,+4th+Edition-p-9781118911907"
}

@book{peskin,
      author        = "Peskin, M. and Schroeder, D.",
      title         = "{Introduction to Quantum Field Theory}",
      publisher     = "Addison-Wesley",
      isbn = "978-0-201-50397-5",
      doi           = "10.1201/9780429503559",
      address       = "Reading, U.S.A.",
      year          = "1995",
      edition       = "1st",
      url           = "https://westviewpress.com/books/an-introduction-to-quantum-field-theory/"
}

@article{atlasrun2_h_zgamma,
    author = "ATLAS Collaboration",
    collaboration = "ATLAS",
    title = "{Evidence for Higgs boson decays to a low-mass dilepton system and a photon in pp collisions at $\sqrt{s} =$13 TeV with the ATLAS detector}",
    eprint = "arXiv:2103.10322",
    archivePrefix = "arXiv",
    primaryClass = "hep-ex",
    reportNumber = "CERN-EP-2021-035",
    doi = "10.1016/j.physletb.2021.136412",
    journal = "Phys. Lett. B",
    volume = "819",
    pages = "136412",
    year = "2021"
}

@article{atlasrun2_tth,
    author = "ATLAS Collaboration",
    collaboration = "ATLAS",
    title = "{Observation of Higgs boson production in association with a top quark pair at the LHC with the ATLAS detector}",
    eprint = "arXiv:1806.00425",
    archivePrefix = "arXiv",
    primaryClass = "hep-ex",
    reportNumber = "CERN-EP-2018-138",
    doi = "10.1016/j.physletb.2018.07.035",
    journal = "Phys. Lett. B",
    volume = "784",
    pages = "173--191",
    year = "2018"
}

@article{atlasrun2_hbb,
    author = "ATLAS Collaboration",
    collaboration = "ATLAS",
    title = "{Observation of $H \rightarrow b\bar{b}$ decays and $VH$ production with the ATLAS detector}",
    eprint = "arXiv:1808.08238",
    archivePrefix = "arXiv",
    primaryClass = "hep-ex",
    reportNumber = "CERN-EP-2018-215",
    doi = "10.1016/j.physletb.2018.09.013",
    journal = "Phys. Lett. B",
    volume = "786",
    pages = "59--86",
    year = "2018"
}

@article{atlasrun2_htautau,
    author = "ATLAS Collaboration",
    collaboration = "ATLAS",
    title = "{Cross-section measurements of the Higgs boson decaying into a pair of $\tau$-leptons in proton-proton collisions at $\sqrt{s}=13$ TeV with the ATLAS detector}",
    eprint = "arXiv:1811.08856",
    archivePrefix = "arXiv",
    primaryClass = "hep-ex",
    reportNumber = "CERN-EP-2018-232",
    doi = "10.1103/PhysRevD.99.072001",
    journal = "Phys. Rev. D",
    volume = "99",
    pages = "072001",
    year = "2019"
}

@article{cmsrun2_htautau,
    author        = "{CMS Collaboration}",
    COLLABORATION = {CMS}, 
    title = "{Observation of the Higgs boson decay to a pair of $\tau$ leptons with the CMS detector}",
    eprint = "arXiv:1708.00373",
    archivePrefix = "arXiv",
    primaryClass = "hep-ex",
    reportNumber = "CMS-HIG-16-043, CERN-EP-2017-181",
    doi = "10.1016/j.physletb.2018.02.004",
    journal = "Phys. Lett. B",
    volume = "779",
    pages = "283--316",
    year = "2018"
}

@article{cmsrun2_tth,
    author        = "{CMS Collaboration}",
    COLLABORATION = {CMS}, 
    title = "{Observation of $t\overline{t}H$ production}",
    eprint = "arXiv:1804.02610",
    archivePrefix = "arXiv",
    primaryClass = "hep-ex",
    reportNumber = "CMS-HIG-17-035, CERN-EP-2018-064",
    doi = "10.1103/PhysRevLett.120.231801",
    journal = "Phys. Rev. Lett.",
    volume = "120",
    number = "23",
    pages = "231801",
    year = "2018"
}

@article{cmsrun2_hbb,
    author        = "{CMS Collaboration}",
    COLLABORATION = {CMS}, 
    title = "{Observation of Higgs boson decay to bottom quarks}",
    eprint = "arXiv:1808.08242",
    archivePrefix = "arXiv",
    primaryClass = "hep-ex",
    reportNumber = "CMS-HIG-18-016, CERN-EP-2018-223",
    doi = "10.1103/PhysRevLett.121.121801",
    journal = "Phys. Rev. Lett.",
    volume = "121",
    number = "12",
    pages = "121801",
    year = "2018"
}

@article{cmsrun2_hmumu,
    author        = "{CMS Collaboration}",
    COLLABORATION = {CMS}, 
    title = "{Evidence for Higgs boson decay to a pair of muons}",
    eprint = "arXiv:2009.04363",
    archivePrefix = "arXiv",
    primaryClass = "hep-ex",
    reportNumber = "CMS-HIG-19-006, CERN-EP-2020-164",
    doi = "10.1007/JHEP01(2021)148",
    journal = "JHEP",
    volume = "01",
    pages = "148",
    year = "2021"
}

@article{atlasrun2_hzz4l_diffxs,
    author = "ATLAS Collaboration",
    collaboration = "ATLAS",
    title = "{Measurements of the Higgs boson inclusive and differential fiducial cross sections in the 4$\ell$ decay channel at $\sqrt{s}$ = 13 TeV}",
    eprint = "arXiv:2004.03969",
    archivePrefix = "arXiv",
    primaryClass = "hep-ex",
    reportNumber = "CERN-EP-2020-035",
    doi = "10.1140/epjc/s10052-020-8223-0",
    journal = "Eur. Phys. J. C",
    volume = "80",
    number = "10",
    pages = "942",
    year = "2020"
}

@article{atlasrun2_hcomb,
    author = "ATLAS Collaboration",
    collaboration = "ATLAS",
    title = "{Combined measurements of Higgs boson production and decay using up to $80$ fb$^{-1}$ of proton-proton collision data at $\sqrt{s}=$ 13 TeV collected with the ATLAS experiment}",
    eprint = "arXiv:1909.02845",
    archivePrefix = "arXiv",
    primaryClass = "hep-ex",
    reportNumber = "CERN-EP-2019-097",
    doi = "10.1103/PhysRevD.101.012002",
    journal = "Phys. Rev. D",
    volume = "101",
    number = "1",
    pages = "012002",
    year = "2020"
}


@article{atlasrun1_hspinparity,
    author = "ATLAS Collaboration",
    collaboration = "ATLAS",
    title = "{Evidence for the spin-0 nature of the Higgs boson using ATLAS data}",
    eprint = "arXiv:1307.1432",
    archivePrefix = "arXiv",
    primaryClass = "hep-ex",
    reportNumber = "CERN-PH-EP-2013-102",
    doi = "10.1016/j.physletb.2013.08.026",
    journal = "Phys. Lett. B",
    volume = "726",
    pages = "120--144",
    year = "2013"
}

@article{cmsrun1_hmassparityspin,
    author        = "{CMS Collaboration}",
    COLLABORATION = {CMS}, 
    title = "{Study of the Mass and Spin-Parity of the Higgs Boson Candidate Via Its Decays to Z Boson Pairs}",
    eprint = "arXiv:1212.6639",
    archivePrefix = "arXiv",
    primaryClass = "hep-ex",
    reportNumber = "CMS-HIG-12-041, CERN-PH-EP-2012-372",
    doi = "10.1103/PhysRevLett.110.081803",
    journal = "Phys. Rev. Lett.",
    volume = "110",
    number = "8",
    pages = "081803",
    year = "2013"
}


@article{atlascmsrun1hmass,
    author        = "{ATLAS and CMS Collaborations}",
    COLLABORATION = {ATLAS, CMS}, 
    title = "{Combined Measurement of the Higgs Boson Mass in $pp$ Collisions at $\sqrt{s}=7$ and 8 TeV with the ATLAS and CMS Experiments}",
    eprint = "arXiv:1503.07589",
    archivePrefix = "arXiv",
    primaryClass = "hep-ex",
    reportNumber = "ATLAS-HIGG-2014-14, CMS-HIG-14-042, CERN-PH-EP-2015-075",
    doi = "10.1103/PhysRevLett.114.191803",
    journal = "Phys. Rev. Lett.",
    volume = "114",
    pages = "191803",
    year = "2015"
}

@article{cmsbesthmassrun2,
    author        = "{CMS Collaboration}",
    COLLABORATION = {CMS}, 
    title = "{A measurement of the Higgs boson mass in the diphoton decay channel}",
    eprint = "arXiv:2002.06398",
    archivePrefix = "arXiv",
    primaryClass = "hep-ex",
    reportNumber = "CMS-HIG-19-004, CERN-EP-2020-004",
    doi = "10.1016/j.physletb.2020.135425",
    journal = "Phys. Lett. B",
    volume = "805",
    pages = "135425",
    year = "2020"
}


@techreport{cmspixelupgrade,
    author         = "{CMS Collaboration}",
    COLLABORATION  = {CMS}, 
      title         = "{CMS Technical Design Report for the Pixel Detector
                       Upgrade}",
      Number  = "CERN-LHCC-2012-016, CMS-TDR-11",
      year          = "2012",
      url           = "https://cds.cern.ch/record/1481838",
}

@article{CMS-PAS-HIG-19-005 ,
    author        = "{CMS Collaboration}",
    COLLABORATION = {CMS}, 
    title = "{Combined Higgs boson production and decay measurements with up to 137 fb$^{-1}$$ of proton-proton collision data at sqrts = 13 TeV}",
    reportNumber = "CMS-PAS-HIG-19-005",
    year = "2020",
    url  = ""
    
}


@techreport{thesispas,
    author        = "{CMS Collaboration}",
    COLLABORATION = {CMS}, 
    title = "{Search for Higgs boson pair production in the four b quark final state}",
    number = "CMS-PAS-HIG-20-005",
    year = "2021",
    url  = "http://cds.cern.ch/record/2771912"
}

@techreport{ATLAS-CONF-2021-052,
      author = "ATLAS Collaboration",
      collaboration = "ATLAS",
      title         = "{Combination of searches for non-resonant and resonant Higgs boson pair production in the $b\overline{b}\gamma\gamma$, $b\overline{b}\tau^{+}\tau^{-}$ and $b\overline{b}b\overline{b}$ decay channels using $pp$ collisions at $\sqrt{s}$ = 13 TeV with the ATLAS detector}",
      number  = "ATLAS-CONF-2021-052",
      year          = "2021",
      url           = "https://cds.cern.ch/record/2786865",
}


@article{Elias-Miro:2011sqh,
    author = "Elias-Miro, Joan and others",
    title = "{Higgs mass implications on the stability of the electroweak vacuum}",
    eprint = "arXiv:1112.3022",
    archivePrefix = "arXiv",
    primaryClass = "hep-ph",
    doi = "10.1016/j.physletb.2012.02.013",
    journal = "Phys. Lett. B",
    volume = "709",
    pages = "222--228",
    year = "2012"
}

@article{Maltoni:2017ims,
    author = "Maltoni, Fabio and others",
    title = "{Trilinear Higgs coupling determination via single-Higgs differential measurements at the LHC}",
    eprint = "arXiv:1709.08649",
    archivePrefix = "arXiv",
    primaryClass = "hep-ph",
    reportNumber = "CP3-17-37, TUM-HEP-1099-17, MCNET-17-18",
    doi = "10.1140/epjc/s10052-017-5410-8",
    journal = "Eur. Phys. J. C",
    volume = "77",
    number = "12",
    pages = "887",
    year = "2017"
}

@article{Degrassi:2016wml,
    author = "Degrassi, Giuseppe and others",
    title = "{Probing the Higgs self coupling via single Higgs production at the LHC}",
    eprint = "arXiv:1607.04251",
    archivePrefix = "arXiv",
    primaryClass = "hep-ph",
    reportNumber = "CP3-16-38, RM3-TH-16-8",
    doi = "10.1007/JHEP12(2016)080",
    journal = "JHEP",
    volume = "12",
    pages = "080",
    year = "2016"
}

@techreport{cmsrun2mes,
      title         = "{Combined Higgs boson production and decay measurements with up to 137 fb-1 of proton-proton collision data at $\sqrt{s}$ = 13 TeV}",
    author        = "{CMS Collaboration}",
    COLLABORATION = {CMS}, 
      number  = "CMS-PAS-HIG-19-005",
      year          = "2020",
      url           = "https://cds.cern.ch/record/2706103",
}

@article{atlasrun2hmass,
    author = "ATLAS Collaboration",
    collaboration = "ATLAS",
    title = "{Measurement of the Higgs boson mass in the $H\rightarrow ZZ^* \rightarrow 4\ell$ and $H \rightarrow \gamma\gamma$ channels with $\sqrt{s}=13$ TeV $pp$ collisions using the ATLAS detector}",
    eprint = "arXiv:1806.00242",
    archivePrefix = "arXiv",
    primaryClass = "hep-ex",
    reportNumber = "CERN-EP-2018-085",
    doi = "10.1016/j.physletb.2018.07.050",
    journal = "Phys. Lett. B",
    volume = "784",
    pages = "345--366",
    year = "2018"
}

@article{atlasrun2mes,
    author = "ATLAS Collaboration",
    collaboration = "ATLAS",
    title = "{Combined measurements of Higgs boson production and decay using up to $80$ fb$^{-1}$ of proton-proton collision data at $\sqrt{s}=$ 13 TeV collected with the ATLAS experiment}",
    eprint = "arXiv:1909.02845",
    archivePrefix = "arXiv",
    primaryClass = "hep-ex",
    reportNumber = "CERN-EP-2019-097",
    doi = "10.1103/PhysRevD.101.012002",
    journal = "Phys. Rev. D",
    volume = "101",
    number = "1",
    pages = "012002",
    year = "2020"
}

@techreport{atlasrun2_hcc,
      title         = "{Direct constraint on the Higgs-charm coupling from a
                       search for Higgs boson decays to charm quarks with the
                       ATLAS detector}",
    author = "ATLAS Collaboration",
    collaboration = "ATLAS",
      number  = "ATLAS-CONF-2021-021",
      year          = "2021",
      url           = "https://cds.cern.ch/record/2771724",
}


@article{cmsrun2_hcc,
    author        = "{CMS Collaboration}",
    COLLABORATION = {CMS}, 
    title = "{A search for the standard model Higgs boson decaying to charm quarks}",
    eprint = "arXiv:1912.01662",
    archivePrefix = "arXiv",
    primaryClass = "hep-ex",
    reportNumber = "CMS-HIG-18-031, CERN-EP-2019-257",
    doi = "10.1007/JHEP03(2020)131",
    journal = "JHEP",
    volume = "03",
    pages = "131",
    year = "2020"
}

@article{Buchalla:2018yce,
    author = "Buchalla, G. and others",
    title = "{Higgs boson pair production in non-linear Effective Field Theory with full $m_t$-dependence at NLO QCD}",
    eprint = "arXiv:1806.05162",
    archivePrefix = "arXiv",
    primaryClass = "hep-ph",
    reportNumber = "LMU-ASC 34/18, MPP-2018-127, LMU-ASC-34-18",
    doi = "10.1007/JHEP09(2018)057",
    journal = "JHEP",
    volume = "09",
    pages = "057",
    year = "2018"
}

@article{atlashhrun1comb,
    author = "ATLAS Collaboration",
    collaboration = "ATLAS",
    title = "{Searches for Higgs boson pair production in the $hh\to bb\tau\tau, \gamma\gamma WW^*, \gamma\gamma bb, bbbb$ channels with the ATLAS detector}",
    eprint = "arXiv:1509.04670",
    archivePrefix = "arXiv",
    primaryClass = "hep-ex",
    reportNumber = "CERN-PH-EP-2015-225",
    doi = "10.1103/PhysRevD.92.092004",
    journal = "Phys. Rev. D",
    volume = "92",
    pages = "092004",
    year = "2015"
}


@article{cmsbreg,
    author        = "{CMS Collaboration}",
    COLLABORATION = {CMS}, 
    title = "{A Deep Neural Network for Simultaneous Estimation of b Jet Energy and Resolution}",
    eprint = "arXiv:1912.06046",
    archivePrefix = "arXiv",
    primaryClass = "hep-ex",
    reportNumber = "CMS-HIG-18-027, CERN-EP-2019-261",
    doi = "10.1007/s41781-020-00041-z",
    journal = "Comput. Softw. Big Sci.",
    volume = "4",
    number = "1",
    pages = "10",
    year = "2020"
}


@article{cmsbtag1,
    author = "CMS Collaboration",
    collaboration = "CMS",
    title = "{Identification of heavy-flavour jets with the CMS detector in pp collisions at 13 TeV}",
    eprint = "arXiv:1712.07158",
    archivePrefix = "arXiv",
    primaryClass = "physics.ins-det",
    reportNumber = "CMS-BTV-16-002, CERN-EP-2017-326",
    doi = "10.1088/1748-0221/13/05/P05011",
    journal = "JINST",
    volume = "13",
    number = "05",
    pages = "P05011",
    year = "2018"
}

@article{cmsbtag2,
    author = "CMS Collaboration",
    collaboration = "CMS",
    title = "{Identification of heavy, energetic, hadronically decaying particles using machine-learning techniques}",
    eprint = "arXiv:2004.08262",
    archivePrefix = "arXiv",
    primaryClass = "hep-ex",
    reportNumber = "CMS-JME-18-002, CERN-EP-2020-037",
    doi = "10.1088/1748-0221/15/06/P06005",
    journal = "JINST",
    volume = "15",
    number = "06",
    pages = "P06005",
    year = "2020"
}

@article{atlasbtag1,
    author = "ATLAS Collaboration",
    collaboration = "ATLAS",
    title = "{ATLAS b-jet identification performance and efficiency measurement with $t{\bar{t}}$ events in pp collisions at $\sqrt{s}=13$ TeV}",
    eprint = "arXiv:1907.05120",
    archivePrefix = "arXiv",
    primaryClass = "hep-ex",
    reportNumber = "CERN-EP-2019-132",
    doi = "10.1140/epjc/s10052-019-7450-8",
    journal = "Eur. Phys. J. C",
    volume = "79",
    number = "11",
    pages = "970",
    year = "2019"
}

@article{atlasbtag2,
    author = "ATLAS Collaboration",
    collaboration = "ATLAS",
    title = "{Identification of boosted Higgs bosons decaying into $b$-quark pairs with the ATLAS detector at 13  $\text {TeV}$}",
    eprint = "arXiv:1906.11005",
    archivePrefix = "arXiv",
    primaryClass = "hep-ex",
    reportNumber = "CERN-EP-2019-085",
    doi = "10.1140/epjc/s10052-019-7335-x",
    journal = "Eur. Phys. J. C",
    volume = "79",
    number = "10",
    pages = "836",
    year = "2019"
}

@article{cmshhrun1comb,
    author        = "{CMS Collaboration}",
    COLLABORATION = {CMS}, 
    title = "{Search for Higgs boson pair production in the $bb\tau\tau$ final state in proton-proton collisions at $\sqrt{(}s)=8\text{ }\text{ }\mathrm{TeV}$}",
    eprint = "arXiv:1707.00350",
    archivePrefix = "arXiv",
    primaryClass = "hep-ex",
    reportNumber = "CMS-HIG-15-013, CERN-EP-2017-104",
    doi = "10.1103/PhysRevD.96.072004",
    journal = "Phys. Rev. D",
    volume = "96",
    number = "7",
    pages = "072004",
    year = "2017"
}

@article{bbbbatlas,
    author = "ATLAS Collaboration",
    collaboration = "ATLAS",
    title = "{Search for pair production of Higgs bosons in the $b\bar{b}b\bar{b}$ final state using proton-proton collisions at $\sqrt{s} = 13$ TeV with the ATLAS detector}",
    eprint = "arXiv:1804.06174",
    archivePrefix = "arXiv",
    primaryClass = "hep-ex",
    reportNumber = "CERN-EP-2018-029",
    doi = "10.1007/JHEP01(2019)030",
    journal = "JHEP",
    volume = "01",
    pages = "030",
    year = "2019"
}

@article{bbbbcmsr1,
    author = "CMS Collaboration",
    collaboration = "CMS",
    title = "{Search for resonant pair production of Higgs bosons decaying to bottom quark-antiquark pairs in proton-proton collisions at 13 TeV}",
    eprint = "arXiv:1806.03548",
    archivePrefix = "arXiv",
    primaryClass = "hep-ex",
    reportNumber = "CMS-HIG-17-009, CERN-EP-2018-127",
    doi = "10.1007/JHEP08(2018)152",
    journal = "JHEP",
    volume = "08",
    pages = "152",
    year = "2018"
}

@article{bbbbcmsnr,
    author = "CMS Collaboration",
    collaboration = "CMS",
    title = "{Search for nonresonant Higgs boson pair production in the $\mathrm{b\overline{b}b\overline{b}}$ final state at $\sqrt{s} =$ 13 TeV}",
    eprint = "arXiv:1810.11854",
    archivePrefix = "arXiv",
    primaryClass = "hep-ex",
    reportNumber = "CMS-HIG-17-017, CERN-EP-2018-269",
    doi = "10.1007/JHEP04(2019)112",
    journal = "JHEP",
    volume = "04",
    pages = "112",
    year = "2019"
}


@article{bbbbcmsr2,
    author = "CMS Collaboration",
    collaboration = "CMS",
    title = "{Search for production of Higgs boson pairs in the four b quark final state using large-area jets in proton-proton collisions at $\sqrt{s}=$ 13 TeV}",
    eprint = "arXiv:1808.01473",
    archivePrefix = "arXiv",
    primaryClass = "hep-ex",
    reportNumber = "CMS-B2G-17-019, CERN-EP-2018-195",
    doi = "10.1007/JHEP01(2019)040",
    journal = "JHEP",
    volume = "01",
    pages = "040",
    year = "2019"
}

@article{bbggatlas,
    author = "ATLAS Collaboration",
    collaboration = "ATLAS",
    title = "{Search for Higgs boson pair production in the $\gamma\gamma b\bar{b}$ final state with 13 TeV $pp$ collision data collected by the ATLAS experiment}",
    eprint = "arXiv:1807.04873",
    archivePrefix = "arXiv",
    primaryClass = "hep-ex",
    reportNumber = "CERN-EP-2018-130",
    doi = "10.1007/JHEP11(2018)040",
    journal = "JHEP",
    volume = "11",
    pages = "040",
    year = "2018"
}

@article{bbggcms,
    author = "CMS Collaboration",
    collaboration = "CMS",
    title = "{Search for Higgs boson pair production in the $\gamma\gamma\mathrm{b\overline{b}}$ final state in pp collisions at $\sqrt{s}=$ 13 TeV}",
    eprint = "arXiv:1806.00408",
    archivePrefix = "arXiv",
    primaryClass = "hep-ex",
    reportNumber = "CMS-HIG-17-008, CERN-EP-2017-343",
    doi = "10.1016/j.physletb.2018.10.056",
    journal = "Phys. Lett. B",
    volume = "788",
    pages = "7--36",
    year = "2019"
}

@article{bbttatlas1,
    author = "ATLAS Collaboration",
    collaboration = "ATLAS",
    title = "{Search for resonant and non-resonant Higgs boson pair production in the ${b\bar{b}\tau^+\tau^-}$ decay channel in $pp$ collisions at $\sqrt{s}=13$ TeV with the ATLAS detector}",
    eprint = "arXiv:1808.00336",
    archivePrefix = "arXiv",
    primaryClass = "hep-ex",
    reportNumber = "CERN-EP-2018-164",
    doi = "10.1103/PhysRevLett.121.191801",
    journal = "Phys. Rev. Lett.",
    volume = "121",
    number = "19",
    pages = "191801",
    year = "2018",
    note = "[Erratum: Phys.Rev.Lett. 122, 089901 (2019)]"
}

@article{bbttatlas2,
    author = "ATLAS Collaboration",
    collaboration = "ATLAS",
    title = "{Reconstruction and identification of boosted di-$\tau$ systems in a search for Higgs boson pairs using 13 TeV proton$-$proton collision data in ATLAS}",
    eprint = "arXiv:2007.14811",
    archivePrefix = "arXiv",
    primaryClass = "hep-ex",
    reportNumber = "CERN Preprint ID: CERN-EP-2020-118",
    month = "7",
    year = "2020"
}

@article{bbttcms2,
    author = "CMS Collaboration",
    collaboration = "CMS",
    title = "{Search for heavy resonances decaying into two Higgs bosons or into a Higgs boson and a W or Z boson in proton-proton collisions at 13 TeV}",
    eprint = "arXiv:1808.01365",
    archivePrefix = "arXiv",
    primaryClass = "hep-ex",
    reportNumber = "CMS-B2G-17-006, CERN-EP-2018-182",
    doi = "10.1007/JHEP01(2019)051",
    journal = "JHEP",
    volume = "01",
    pages = "051",
    year = "2019"
}


@article{bbttcms1,
    author = "CMS Collaboration",
    collaboration = "CMS",
    title = "{Search for Higgs boson pair production in events with two bottom quarks and two tau leptons in proton--proton collisions at $\sqrt s$ =13TeV}",
    eprint = "arXiv:1707.02909",
    archivePrefix = "arXiv",
    primaryClass = "hep-ex",
    reportNumber = "CMS-HIG-17-002, CERN-EP-2017-126",
    doi = "10.1016/j.physletb.2018.01.001",
    journal = "Phys. Lett. B",
    volume = "778",
    pages = "101--127",
    year = "2018"
}

@article{atlaswwww,
    author = "ATLAS Collaboration",
    collaboration = "ATLAS",
    title = "{Search for Higgs boson pair production in the $WW^{(*)}WW^{(*)}$ decay channel using ATLAS data recorded at $\sqrt{s}=13$ TeV}",
    eprint = "arXiv:1811.11028",
    archivePrefix = "arXiv",
    primaryClass = "hep-ex",
    reportNumber = "CERN-EP-2018-227",
    doi = "10.1007/JHEP05(2019)124",
    journal = "JHEP",
    volume = "05",
    pages = "124",
    year = "2019"
}

@article{atlasggww,
    author = "ATLAS Collaboration",
    collaboration = "ATLAS",
    title = "{Search for Higgs boson pair production in the $\gamma\gamma WW^{*}$ channel using $pp$ collision data recorded at $\sqrt{s} = 13$ TeV with the ATLAS detector}",
    eprint = "arXiv:1807.08567",
    archivePrefix = "arXiv",
    primaryClass = "hep-ex",
    reportNumber = "CERN-EP-2018-104",
    doi = "10.1140/epjc/s10052-018-6457-x",
    journal = "Eur. Phys. J. C",
    volume = "78",
    number = "12",
    pages = "1007",
    year = "2018"
}

@article{cmsbbvv,
    author        = "{CMS Collaboration}",
    COLLABORATION = {CMS}, 
    title = "{Search for resonant and nonresonant Higgs boson pair production in the $ \mathrm{b}\overline{\mathrm{b}}\mathit{\ell \nu \ell \nu } $ final state in proton-proton collisions at $ \sqrt{s}=13 $ TeV}",
    eprint = "arXiv:1708.04188",
    archivePrefix = "arXiv",
    primaryClass = "hep-ex",
    reportNumber = "CMS-HIG-17-006, CERN-EP-2017-168",
    doi = "10.1007/JHEP01(2018)054",
    journal = "JHEP",
    volume = "01",
    pages = "054",
    year = "2018"
}

@TECHREPORT{cmsbbzzres,
    author        = "{CMS Collaboration}",
    COLLABORATION = {CMS},     
    title         = "{Search for the resonant production of a pair of Higgs bosons decaying to the bb-barZZ final state}",
    URL           = "http://cds.cern.ch/record/2682621",
    TYPE          = "CMS Physics Analysis Summary",
    NUMBER        = "CMS-PAS-HIG-18-013",
    year          = "2019"
}

@TECHREPORT{cmsbbzz4l,
    author         = "{CMS Collaboration}",
    COLLABORATION  = {CMS},     
    title          = "{Search for nonresonant Higgs boson pair production in the 4 leptons plus 2 b jets final state in proton-proton collisions at $\sqrt{s} =$ 13 TeV}",
    URL            = "http://cds.cern.ch/record/2725691",
    NUMBER         = "CMS-PAS-HIG-20-004",
    year           = "2020"
}


@techreport{atlasfullrun2bbgg,
      title         = "{Search for Higgs boson pair production in the two bottom
                       quarks plus two photons final state in $pp$ collisions at
                       $\sqrt{s}=13$ TeV with the ATLAS detector}",
     author         = "{ATLAS Collaboration}",
    COLLABORATION   = {ATLAS},    
      number        = "ATLAS-CONF-2021-016",
      year          = "2021",
      url           = "https://cds.cern.ch/record/2759683",
}

@article{atlasfullrun2vbf4b,
    author = "ATLAS Collaboration",
    collaboration = "ATLAS",
    title = "{Search for the $HH \rightarrow b \bar{b} b \bar{b}$ process via vector-boson fusion production using proton-proton collisions at $\sqrt{s} = 13$ TeV with the ATLAS detector}",
    eprint = "arXiv:2001.05178",
    archivePrefix = "arXiv",
    primaryClass = "hep-ex",
    reportNumber = "CERN-EP-2019-267",
    doi = "10.1007/JHEP07(2020)108",
    journal = "JHEP",
    volume = "07",
    pages = "108",
    year = "2020",
    note = "[Erratum: JHEP 01, 145 (2021), Erratum: JHEP 05, 207 (2021)]"
}

@article{atlasfullrun2bbwwdilep,
    author = "ATLAS Collaboration",
    collaboration = "ATLAS",
    title = "{Search for non-resonant Higgs boson pair production in the $bb\ell\nu\ell\nu$ final state with the ATLAS detector in $pp$ collisions at $\sqrt{s} = 13$ TeV}",
    eprint = "arXiv:1908.06765",
    archivePrefix = "arXiv",
    primaryClass = "hep-ex",
    reportNumber = "CERN-EP-2019-143",
    doi = "10.1016/j.physletb.2019.135145",
    journal = "Phys. Lett. B",
    volume = "801",
    pages = "135145",
    year = "2020"
}

@article{cmsfullrun2bbgg,
    author         = "{CMS Collaboration}",
    COLLABORATION  = {CMS},   
    title = "{Search for nonresonant Higgs boson pair production in final states with two bottom quarks and two photons in proton-proton collisions at $ \sqrt{s} $ = 13 TeV}",
    eprint = "arXiv:2011.12373",
    archivePrefix = "arXiv",
    primaryClass = "hep-ex",
    reportNumber = "CMS-HIG-19-018, CERN-EP-2020-222",
    doi = "10.1007/JHEP03(2021)257",
    journal = "JHEP",
    volume = "03",
    pages = "257",
    year = "2021"
}


@techreport{atlasindirecthh,
      title         = "{Constraints on the Higgs boson self-coupling from the
                       combination of single-Higgs and double-Higgs production
                       analyses performed with the ATLAS experiment}",
    author = "ATLAS Collaboration",
    collaboration = "ATLAS",
      number  = "ATLAS-CONF-2019-049",
      year          = "2019",
      url           = "https://cds.cern.ch/record/2693958",
}


@techreport{atlasprojections,
      title         = "{Measurement prospects of the pair production and
                       self-coupling of the Higgs boson with the ATLAS experiment
                       at the HL-LHC}",
      author = "ATLAS Collaboration",
          collaboration = "ATLAS",
      number        = "ATL-PHYS-PUB-2018-053",
      year          = "2018",
      url           = "https://cds.cern.ch/record/2652727",
}

@techreport{cmsprojections,
      title         = "{Prospects for HH measurements at the HL-LHC}",
    author         = "{CMS Collaboration}",
    COLLABORATION  = {CMS},   
      number  = "CMS-PAS-FTR-18-019",
      year          = "2018",
      url           = "https://cds.cern.ch/record/2652549",
}

@techreport{atlasrun2bbtt,
      title         = "{Search for resonant and non-resonant Higgs boson pair
                       production in the $b\bar b\tau^+\tau^-$ decay channel using
                       13 TeV $pp$ collision data from the ATLAS detector}",
      author        = "ATLAS Collaboration",
      collaboration = "ATLAS",
      number        = "ATLAS-CONF-2021-030",
      year          = "2021",
      url           = "http://cds.cern.ch/record/2777236",
}

@techreport{cmsrun2boostedbbbb,
      title         = "{Search for Higgs boson pair production via vector boson
                       fusion with highly Lorentz-boosted Higgs bosons in the four
                       b quark final state at $\sqrt{s} = 13$ TeV}",
    author          = "{CMS Collaboration}",
    COLLABORATION   = {CMS},  
      number        = "CMS-PAS-B2G-21-001",
      year          = "2021",
      url           = "http://cds.cern.ch/record/2776802",
}

@techreport{cmsrun2resboostbbbb,
      title         = "{Search for resonant Higgs boson pair production in four b
                       quark final state using large-area jets in proton-proton
                       collisions at $\sqrt{s}=13~\mathrm{TeV}$}",
    author          = "{CMS Collaboration}",
    COLLABORATION   = {CMS},  
      number  = "CMS-PAS-B2G-20-004",
      year          = "2021",
      url           = "http://cds.cern.ch/record/2777083",
}

@techreport{cmsrun2resboostbbww,
      title         = "{Search for heavy resonances decaying to a pair of boosted
                       Higgs bosons in final states with leptons and a bottom
                       quark-antiquark pair at $\sqrt{s} = 13$ TeV}",
    author          = "{CMS Collaboration}",
    COLLABORATION   = {CMS},  
      number  = "CMS-PAS-B2G-20-007",
      year          = "2021",
      url           = "http://cds.cern.ch/record/2777173",
}

@misc{Mobs:2197559,
      author        = "Mobs, E.",
      title         = "{The CERN accelerator complex. Complexe des
                       accélérateurs du CERN}",
      howpublished = {\url{https://cds.cern.ch/record/2197559} (2016)},
}

@article{yellowreport,
    author = "Cepeda, M. and others",
    editor = "Dainese, Andrea and Mangano, Michelangelo and Meyer, Andreas B. and Nisati, Aleandro and Salam, Gavin and Vesterinen, Mika Anton",
    title = "{Report from Working Group 2}: {Higgs Physics at the HL-LHC and HE-LHC}",
    eprint = "arXiv:1902.00134",
    archivePrefix = "arXiv",
    primaryClass = "hep-ph",
    reportNumber = "CERN-LPCC-2018-04",
    doi = "10.23731/CYRM-2019-007.221",
    journal = "CERN Yellow Rep. Monogr.",
    volume = "7",
    pages = "221--584",
    year = "2019"
}

@article{deBlas:2019rxi,
    author = "de Blas, J. and others",
    title = "{Higgs Boson Studies at Future Particle Colliders}",
    eprint = "arXiv:1905.03764",
    archivePrefix = "arXiv",
    primaryClass = "hep-ph",
    reportNumber = "DESY-19-079",
    doi = "10.1007/JHEP01(2020)139",
    journal = "JHEP",
    volume = "01",
    pages = "139",
    year = "2020"
}

@book{Bruning:782076,
      author        = "Brüning, O. and others",
      title         = "{LHC Design Report}",
      publisher     = "CERN",
      address       = "Geneva, CH",
      series        = "CERN Yellow Reports: Monographs",
      year          = "2004",
      url           = "http://cds.cern.ch/record/782076",
      doi           = "10.5170/CERN-2004-003-V-1",
}

@article{CMS:2008xjf,
    author         = "{CMS Collaboration}",
    COLLABORATION  = {CMS},   
    title = "{The CMS Experiment at the CERN LHC}",
    doi = "10.1088/1748-0221/3/08/S08004",
    journal = "JINST",
    volume = "3",
    pages = "S08004",
    year = "2008"
}



@article{cmsecalrun1,
    author         = "{CMS Collaboration}",
    COLLABORATION  = {CMS}, 
    title = "{Energy Calibration and Resolution of the CMS Electromagnetic Calorimeter in $pp$ Collisions at $\sqrt{s} = 7$ TeV}",
    eprint = "arXiv:1306.2016",
    archivePrefix = "arXiv",
    primaryClass = "hep-ex",
    reportNumber = "CMS-EGM-11-001, CERN-PH-EP-2013-097",
    doi = "10.1088/1748-0221/8/09/P09009",
    journal = "JINST",
    volume = "8",
    pages = "P09009",
    year = "2013"
}

@techreport{CMS:2006myw,
      title         = "{CMS Physics}: {Technical Design Report Volume 1: Detector Performance and Software}",
      collaboration = "{CMS}",
      author         = "{CMS Collaboration}",
      number        = "CERN-LHCC-2006-001, CMS-TDR-8-1",
      year          = "2006",
      url           = "https://cds.cern.ch/record/922757",
}




@article{cmsdtscosmicrays,
    author         = "{CMS Collaboration}",
    COLLABORATION  = {CMS}, 
    title = "{Performance of the CMS Drift Tube Chambers with Cosmic Rays}",
    eprint = "arXiv:0911.4855",
    archivePrefix = "arXiv",
    primaryClass = "physics.ins-det",
    reportNumber = "CMS-CFT-09-012",
    doi = "10.1088/1748-0221/5/03/T03015",
    journal = "JINST",
    volume = "5",
    pages = "T03015",
    year = "2010"
}

@article{cmscscscosmicrays,
    author         = "{CMS Collaboration}",
    COLLABORATION  = {CMS}, 
    title = "{Performance of the CMS Cathode Strip Chambers with Cosmic Rays}",
    eprint = "arXiv:0911.4992",
    archivePrefix = "arXiv",
    primaryClass = "physics.ins-det",
    reportNumber = "CMS-CFT-09-011",
    doi = "10.1088/1748-0221/5/03/T03018",
    journal = "JINST",
    volume = "5",
    pages = "T03018",
    year = "2010"
}

@article{cmsrpcscosmicrays,
    author         = "{CMS Collaboration}",
    COLLABORATION  = {CMS}, 
    title = "{Performance Study of the CMS Barrel Resistive Plate Chambers with Cosmic Rays}",
    eprint = "arXiv:0911.4045",
    archivePrefix = "arXiv",
    primaryClass = "physics.ins-det",
    reportNumber = "CMS-CFT-09-010",
    doi = "10.1088/1748-0221/5/03/T03017",
    journal = "JINST",
    volume = "5",
    pages = "T03017",
    year = "2010"
}

@article{cmsphase1per,
    author         = "{CMS Collaboration}",
    COLLABORATION  = {CMS}, 
    title = "{Performance of the CMS Level-1 trigger in proton-proton collisions at $\sqrt{s} =$ 13 TeV}",
    eprint = "arXiv:2006.10165",
    archivePrefix = "arXiv",
    primaryClass = "hep-ex",
    reportNumber = "CMS-TRG-17-001, CERN-EP-2020-065",
    doi = "10.1088/1748-0221/15/10/P10017",
    journal = "JINST",
    volume = "15",
    number = "10",
    pages = "P10017",
    year = "2020"
}


@techreport{cmsphase2proposal,
      author        = "Contardo, D and others",
      title         = "{Technical Proposal for the Phase-II Upgrade of the CMS
                       Detector}",
      number  = "CERN-LHCC-2015-010, LHCC-P-008, CMS-TDR-15-02",
      year          = "2015",
      url           = "https://cds.cern.ch/record/2020886",
}


@book{hllhc,
      author        = "Aberle, O. and others",
      title         = "{High-Luminosity Large Hadron Collider (HL-LHC): Technical
                       design report}",
      series        = "CERN Yellow Reports: Monographs",
      year          = "2020",
          address = "Geneva, CH",
    institution   = "CERN",
      url           = "https://cds.cern.ch/record/2749422",
      doi           = "10.23731/CYRM-2020-0010",
}


@techreport{cmsphase2tracker,
      title         = "{The Phase-2 Upgrade of the CMS Tracker}",
      collaboration = "{CMS}",
      author         = "{CMS Collaboration}",
      number        = "CERN-LHCC-2017-009, CMS-TDR-014",
      year          = "2017",
      url           = "https://cds.cern.ch/record/2272264",
}

@techreport{cmsphase2barrelcal,
      title         = "{The Phase-2 Upgrade of the CMS Barrel Calorimeters}",
    author         = "{CMS Collaboration}",
    COLLABORATION  = {CMS}, 
      Number        = "CERN-LHCC-2017-011, CMS-TDR-015",
      year          = "2017",
      url           = "https://cds.cern.ch/record/2283187",
      note          = "This is the final version, approved by the LHCC",
}



@techreport{cmsphase2endcapcal,
      title         = "{The Phase-2 Upgrade of the CMS Endcap Calorimeter}",
      collaboration = "{CMS}",
    author         = "{CMS Collaboration}",
      number        = "CERN-LHCC-2017-023, CMS-TDR-019",
      year          = "2017",
      url           = "https://cds.cern.ch/record/2293646",
}


@techreport{cmsphase2muons,
      title         = "{The Phase-2 Upgrade of the CMS Muon Detectors}",
    author         = "{CMS Collaboration}",
    COLLABORATION  = {CMS}, 
      number        = "CERN-LHCC-2017-012, CMS-TDR-016",
      year          = "2017",
      url           = "https://cds.cern.ch/record/2283189",
      note          = "This is the final version, approved by the LHCC.",
}

@TECHREPORT{cmsphase2mtd,
      title         = "{Technical proposal for a MIP timing detector in the CMS
                       experiment Phase 2 upgrade}",
    author         = "{CMS Collaboration}",
    COLLABORATION  = {CMS}, 
      number  = "CERN-LHCC-2017-027, LHCC-P-009",
      year          = "2017",
      url           = "https://cds.cern.ch/record/2296612",
}


@techreport{cmsphase2l1tdr,
      title         = "{The Phase-2 Upgrade of the CMS Level-1 Trigger}",
      author        = "{CMS Collaboration}",
      COLLABORATION = {CMS}, 
      number        = "CERN-LHCC-2020-004, CMS-TDR-021",
      year          = "2020",
      url           = "https://cds.cern.ch/record/2714892",
}

@article{cmspfalgo,
    author         = "{CMS Collaboration}",
    COLLABORATION  = {CMS}, 
    title = "{Particle-flow reconstruction and global event description with the CMS detector}",
    eprint = "arXiv:1706.04965",
    archivePrefix = "arXiv",
    primaryClass = "physics.ins-det",
    reportNumber = "CMS-PRF-14-001, CERN-EP-2017-110",
    doi = "10.1088/1748-0221/12/10/P10003",
    journal = "JINST",
    volume = "12",
    number = "10",
    pages = "P10003",
    year = "2017"
}


@article{alephpf,
    author = "Buskulic, D. and others",
    collaboration = "ALEPH",
    title = "{Performance of the ALEPH detector at LEP}",
    reportNumber = "CERN-PPE-94-170, FSU-SCRI-95-70",
    doi = "10.1016/0168-9002(95)00138-7",
    journal = "Nucl. Instrum. Meth. A",
    volume = "360",
    pages = "481--506",
    year = "1995"
}

@article{Cacciari:2008gp,
    author = "Cacciari, Matteo and others",
    title = "{The anti-$k_t$ jet clustering algorithm}",
    eprint = "arXiv:0802.1189",
    archivePrefix = "arXiv",
    primaryClass = "hep-ph",
    reportNumber = "LPTHE-07-03",
    doi = "10.1088/1126-6708/2008/04/063",
    journal = "JHEP",
    volume = "04",
    pages = "063",
    year = "2008"
}

@article{Cacciari:2011ma,
    author = "Cacciari, Matteo and others",
    title = "{FastJet User Manual}",
    eprint = "arXiv:1111.6097",
    archivePrefix = "arXiv",
    primaryClass = "hep-ph",
    reportNumber = "CERN-PH-TH-2011-297",
    doi = "10.1140/epjc/s10052-012-1896-2",
    journal = "Eur. Phys. J. C",
    volume = "72",
    pages = "1896",
    year = "2012"
}

@article{Hocker:2007ht,
      author         = "Hocker, A. and others",
      title          = "{TMVA - Toolkit for Multivariate Data Analysis}",
      year           = "2007",
      eprint         = "arXiv:physics/0703039",
      archivePrefix  = "arXiv",
      primaryClass   = "physics.data-an",
      reportNumber   = "CERN-OPEN-2007-007"
}

@techreport{CMS:2017wyc,
      title         = "{Jet algorithms performance in 13 TeV data}",
      author = "{CMS}",
      collaboration = "CMS",
      number  = "CMS-PAS-JME-16-003",
      year          = "2017",
      url           = "https://cds.cern.ch/record/2256875",
}


@article{CMS:2016lmd,
    author = "{CMS}",
    collaboration = "CMS",
    title = "{Jet energy scale and resolution in the CMS experiment in pp collisions at 8 TeV}",
    eprint = "arXiv:1607.03663",
    archivePrefix = "arXiv",
    primaryClass = "hep-ex",
    reportNumber = "CMS-JME-13-004, CERN-PH-EP-2015-305",
    doi = "10.1088/1748-0221/12/02/P02014",
    journal = "JINST",
    volume = "12",
    number = "02",
    pages = "P02014",
    year = "2017"
}

@article{cmsdeepjet,
    author = "Bols, Emil and others",
    title = "{Jet Flavour Classification Using DeepJet}",
    eprint = "arXiv:2008.10519",
    archivePrefix = "arXiv",
    primaryClass = "hep-ex",
    doi = "10.1088/1748-0221/15/12/P12012",
    journal = "JINST",
    volume = "15",
    number = "12",
    pages = "P12012",
    year = "2020"
}

@article{cmsbtagging13tev,
    author         = "{CMS Collaboration}",
    COLLABORATION  = {CMS}, 
    title = "{Identification of heavy-flavour jets with the CMS detector in pp collisions at 13 TeV}",
    eprint = "arXiv:1712.07158",
    archivePrefix = "arXiv",
    primaryClass = "physics.ins-det",
    reportNumber = "CMS-BTV-16-002, CERN-EP-2017-326",
    doi = "10.1088/1748-0221/13/05/P05011",
    journal = "JINST",
    volume = "13",
    number = "05",
    pages = "P05011",
    year = "2018"
}

@article{cmsbtagging13tev2,
    author         = "{CMS Collaboration}",
    COLLABORATION  = {CMS}, 
    title = "{Identification of heavy, energetic, hadronically decaying particles using machine-learning techniques}",
    eprint = "arXiv:2004.08262",
    archivePrefix = "arXiv",
    primaryClass = "hep-ex",
    reportNumber = "CMS-JME-18-002, CERN-EP-2020-037",
    doi = "10.1088/1748-0221/15/06/P06005",
    journal = "JINST",
    volume = "15",
    number = "06",
    pages = "P06005",
    year = "2020"
}

@article{cmsbtagging8tev,
    author         = "{CMS Collaboration}",
    COLLABORATION  = {CMS}, 
    title = "{Identification of b-quark jets with the CMS Experiment}",
    eprint = "arXiv:1211.4462",
    archivePrefix = "arXiv",
    primaryClass = "hep-ex",
    reportNumber = "CMS-BTV-12-001, CERN-PH-EP-2012-262",
    doi = "10.1088/1748-0221/8/04/P04013",
    journal = "JINST",
    volume = "8",
    pages = "P04013",
    year = "2013"
}

@article{cmsmet13tev,
    author         = "{CMS Collaboration}",
    COLLABORATION  = {CMS}, 
    title = "{Performance of missing transverse momentum reconstruction in proton-proton collisions at $\sqrt{s} =$ 13 TeV using the CMS detector}",
    eprint = "arXiv:1903.06078",
    archivePrefix = "arXiv",
    primaryClass = "hep-ex",
    reportNumber = "CMS-JME-17-001, CERN-EP-2018-335",
    doi = "10.1088/1748-0221/14/07/P07004",
    journal = "JINST",
    volume = "14",
    number = "07",
    pages = "P07004",
    year = "2019"
}

@article{cmstau13tev,
    author         = "{CMS Collaboration}",
    COLLABORATION  = {CMS}, 
    title = "{Performance of reconstruction and identification of $\tau$ leptons decaying to hadrons and $\nu_\tau$ in pp collisions at $\sqrt{s}=$ 13 TeV}",
    eprint = "arXiv:1809.02816",
    archivePrefix = "arXiv",
    primaryClass = "hep-ex",
    reportNumber = "CMS-TAU-16-003, CERN-EP-2018-229",
    doi = "10.1088/1748-0221/13/10/P10005",
    journal = "JINST",
    volume = "13",
    number = "10",
    pages = "P10005",
    year = "2018"
}

@article{Rogozhnikov:2016bdp,
      author         = "Rogozhnikov, A.",
      title          = "{Reweighting with Boosted Decision Trees}",
      booktitle      = "{Proceedings, 17th International Workshop on Advanced
                        Computing and Analysis Techniques in Physics Research
                        (ACAT 2016): Valparaiso, Chile, January 18-22, 2016}",
      journal        = "J. Phys. Conf. Ser.",
      volume         = "762",
      year           = "2016",
      number         = "1",
      pages          = "012036",
      doi            = "10.1088/1742-6596/762/1/012036",
      eprint         = "arXiv:1608.05806",
      archivePrefix  = "arXiv",
      primaryClass   = "physics.data-an",
      SLACcitation   = "%%CITATION = ARXIV:1608.05806;%%"
}


@article{Sirunyan:2019wwa,
    author         = "{CMS Collaboration}",
    COLLABORATION  = {CMS}, 
      title          = "{A deep neural network for simultaneous estimation of b
                        jet energy and resolution}",
      year           = "2019",
      eprint         = "arXiv:1912.06046",
      archivePrefix  = "arXiv",
      primaryClass   = "hep-ex",
      reportNumber   = "CMS-HIG-18-027, CERN-EP-2019-261",
      SLACcitation   = "%%CITATION = ARXIV:1912.06046;%%"
}



@inproceedings{xgboost,
    author = {Chen, Tianqi and Guestrin, Carlos},
    title = {XGBoost: A Scalable Tree Boosting System},
    isbn = {9781450342322},
    publisher = {KDD 785, ACM, New York, NY, U.S.A. (2016)},
    series = {in {\it{Proceedings of the 22nd ACM SIGKDD International Conference on Knowledge Discovery and Data Mining}} },
       eprint         = "arXiv:1603.02754",
    }

      




@article{Gleisberg:2008ta,
    author = "Gleisberg, T. and others",
    title = "{Event generation with SHERPA 1.1}",
    eprint = "arXiv:0811.4622",
    archivePrefix = "arXiv",
    primaryClass = "hep-ph",
    reportNumber = "FERMILAB-PUB-08-477-T, SLAC-PUB-13420, ZU-TH-17-08, DCPT-08-138, IPPP-08-69, EDINBURGH-2008-30, MCNET-08-14",
    doi = "10.1088/1126-6708/2009/02/007",
    journal = "JHEP",
    volume = "02",
    pages = "007",
    year = "2009"
}

@article{Agostinelli:2002hh,
    author = "Agostinelli, S. and others",
    collaboration = "GEANT4",
    title = "{GEANT4~--~a simulation toolkit}",
    reportNumber = "SLAC-PUB-9350, FERMILAB-PUB-03-339, CERN-IT-2002-003",
    doi = "10.1016/S0168-9002(03)01368-8",
    journal = "Nucl. Instrum. Meth. A",
    volume = "506",
    pages = "250",
    year = "2003"
}

@article{Alwall:2014hca,
    author = "Alwall, J. and others",
    title = "{The automated computation of tree-level and next-to-leading order differential cross sections, and their matching to parton shower simulations}",
    eprint = "arXiv:1405.0301",
    archivePrefix = "arXiv",
    primaryClass = "hep-ph",
    reportNumber = "CERN-PH-TH-2014-064, CP3-14-18, LPN14-066, MCNET-14-09, ZU-TH-14-14",
    doi = "10.1007/JHEP07(2014)079",
    journal = "JHEP",
    volume = "07",
    pages = "079",
    year = "2014"
}

@article{Sjostrand:2014zea,
    author = {Sj\"ostrand, Torbj\"orn and others},
    title = "{An introduction to PYTHIA 8.2}",
    eprint = "arXiv:1410.3012",
    archivePrefix = "arXiv",
    primaryClass = "hep-ph",
    reportNumber = "LU-TP-14-36, MCNET-14-22, CERN-PH-TH-2014-190, FERMILAB-PUB-14-316-CD, DESY-14-178, SLAC-PUB-16122",
    doi = "10.1016/j.cpc.2015.01.024",
    journal = "Comput. Phys. Commun.",
    volume = "191",
    pages = "159--177",
    year = "2015"
}



@book{Ferrari:2005zk,
      author        = "Ferrari, A and others",
      title         = "{FLUKA: A multi-particle transport code (program version
                       2005)}",
      series        = "CERN Yellow Reports: Monographs",
      doi           = "10.5170/CERN-2005-010",
          address = "Geneva, CH",
    institution   = "CERN",
      year          = "2005",
      url           = "https://cds.cern.ch/record/898301",

}


@article{Alioli:2008gx,
    author = "Alioli, Simone and others",
    title = "{NLO vector-boson production matched with shower in POWHEG}",
    eprint = "arXiv:0805.4802",
    archivePrefix = "arXiv",
    primaryClass = "hep-ph",
    reportNumber = "NSF-KITP-08-74",
    doi = "10.1088/1126-6708/2008/07/060",
    journal = "JHEP",
    volume = "07",
    pages = "060",
    year = "2008"
}

@article{Nason:2004rx,
    author = "Nason, Paolo",
    title = "{A New method for combining NLO QCD with shower Monte Carlo algorithms}",
    eprint = "arXiv:0409146",
    archivePrefix = "arXiv",
    reportNumber = "BICOCCA-FT-04-11",
    doi = "10.1088/1126-6708/2004/11/040",
    journal = "JHEP",
    volume = "11",
    pages = "040",
    year = "2004"
}

@article{Frixione:2007vw,
    author = "Frixione, Stefano and others",
    title = "{Matching NLO QCD computations with Parton Shower simulations: the POWHEG method}",
    eprint = "arXiv:0709.2092",
    archivePrefix = "arXiv",
    primaryClass = "hep-ph",
    reportNumber = "BICOCCA-FT-07-9, GEF-TH-21-2007",
    doi = "10.1088/1126-6708/2007/11/070",
    journal = "JHEP",
    volume = "11",
    pages = "070",
    year = "2007"
}

@article{Czakon:2011xx,
    author = "Czakon, Michal and Mitov, Alexander",
    title = "{Top++: A Program for the Calculation of the Top-Pair Cross-Section at Hadron Colliders}",
    eprint = "arXiv:1112.5675",
    archivePrefix = "arXiv",
    primaryClass = "hep-ph",
    reportNumber = "CERN-PH-TH-2011-303, TTK-11-58",
    doi = "10.1016/j.cpc.2014.06.021",
    journal = "Comput. Phys. Commun.",
    volume = "185",
    pages = "2930",
    year = "2014"
}

@article{LHCb:2016jrk,
    author = "LHCB",
    collaboration = "LHCB",
    title = "{Search for decays of neutral beauty mesons into four muons}",
    eprint = "arXiv:1611.07704",
    archivePrefix = "arXiv",
    primaryClass = "hep-ex",
    reportNumber = "LHCB-PAPER-2016-043, CERN-EP-2016-276",
    doi = "10.1007/JHEP03(2017)001",
    journal = "JHEP",
    volume = "03",
    pages = "001",
    year = "2017"
}



@article{ATLAS:2018tti,
    author = "ATLAS",
    collaboration = "{ATLAS}",
    title = "{Search for pair production of higgsinos in final states with at least three $b$-tagged jets in $\sqrt{s} = 13$ TeV $pp$ collisions using the ATLAS detector}",
    eprint = "arXiv:1806.04030",
    archivePrefix = "arXiv",
    primaryClass = "hep-ex",
    reportNumber = "CERN-EP-2018-050",
    doi = "10.1103/PhysRevD.98.092002",
    journal = "Phys. Rev. D",
    volume = "98",
    number = "9",
    pages = "092002",
    year = "2018"
}

@article{ATLAS:2020qiz,
    author = "ATLAS",
    collaboration = "{ATLAS}",
    title = "{Search for resonances decaying into a weak vector boson and a Higgs boson in the fully hadronic final state produced in proton$-$proton collisions at $\sqrt{s} = 13$ TeV with the ATLAS detector}",
    eprint = "arXiv:2007.05293",
    archivePrefix = "arXiv",
    primaryClass = "hep-ex",
    reportNumber = "CERN-EP-2020-073",
    doi = "10.1103/PhysRevD.102.112008",
    journal = "Phys. Rev. D",
    volume = "102",
    number = "11",
    pages = "112008",
    year = "2020"
}


@techreport{ATLAS:2011tau,
      title         = "{Procedure for the LHC Higgs boson search combination in
                       Summer 2011}",
      collaboration = "{ATLAS, CMS, LHC
                       Higgs Combination Group}",                   
      number        = "CMS-NOTE-2011-005, ATL-PHYS-PUB-2011-11",
      year          = "2011",
      url           = "https://cds.cern.ch/record/1379837",
}


@article{Cowan:2010js,
    author = "Cowan, Glen and others",
    title = "{Asymptotic formulae for likelihood-based tests of new physics}",
    eprint = "arXiv:1007.1727",
    archivePrefix = "arXiv",
    primaryClass = "physics.data-an",
    doi = "10.1140/epjc/s10052-011-1554-0",
    journal = "Eur. Phys. J. C",
    volume = "71",
    pages = "1554",
    year = "2011",
    note = "[Erratum: Eur.Phys.J.C 73, 2501 (2013)]"
}

@article{Read:2002hq,
    author = "Read, A. L.",
    editor = "Whalley, M. R. and Lyons, L.",
    title = "{Presentation of search results: The CL(s) technique}",
    doi = "10.1088/0954-3899/28/10/313",
    journal = "J. Phys. G",
    volume = "28",
    pages = "2693--2704",
    year = "2002"
}

@article{Gross:2010qma,
    author = "Gross, Eilam and Vitells, Ofer",
    title = "{Trial factors for the look elsewhere effect in high energy physics}",
    eprint = "arXiv:1005.1891",
    archivePrefix = "arXiv",
    primaryClass = "physics.data-an",
    doi = "10.1140/epjc/s10052-010-1470-8",
    journal = "Eur. Phys. J. C",
    volume = "70",
    pages = "525--530",
    year = "2010"
}

@misc{Purcell:1473657,
    author="{A. Purcell}",
    title = "{Go on a particle quest at the first CERN webfest}",
    howpublished = {\url{https://cds.cern.ch/record/1473657} (2012) },
}

@misc{HiggsBRTwiki,
    author="{LHC Higgs Cross Section Working Group}",
    title = "{SM Higgs Branching Ratios and Total Decay Widths}",
    howpublished = {\url{https://twiki.cern.ch/twiki/bin/view/LHCPhysics/CERNYellowReportPageBR} (2016) },
}

@article{CMS-LUM-17-003,
    author = "CMS",
    collaboration = "CMS",
    title = "{Precision luminosity measurement in proton-proton collisions at $\sqrt{s} =$ 13 TeV in 2015 and 2016 at CMS}",
    eprint = "arXiv:2104.01927",
    archivePrefix = "arXiv",
    primaryClass = "hep-ex",
    reportNumber = "CMS-LUM-17-003, CERN-EP-2021-033",
    doi = "10.1140/epjc/s10052-021-09538-2",
    journal = "Eur. Phys. J. C",
    volume = "81",
    number = "9",
    pages = "800",
    year = "2021"
}

@techreport{CMS-PAS-LUM-17-004,
      title         = "{CMS luminosity measurement for the 2017 data-taking
                       period at $\sqrt{s} = 13~\mathrm{TeV}$}",
      collaboration = "CMS",
      reportNumber  = "CMS-PAS-LUM-17-004",
      number        = "CMS-PAS-LUM-17-004",
      year          = "2018",
      url           = "https://cds.cern.ch/record/2621960",
}

@techreport{CMS-PAS-LUM-18-002,
      title         = "{CMS luminosity measurement for the 2018 data-taking
                       period at $\sqrt{s} = 13~\mathrm{TeV}$}",
      collaboration = "CMS",
      reportNumber  = "CMS-PAS-LUM-18-002",
      number        = "CMS-PAS-LUM-18-002",
      year          = "2019",
      url           = "https://cds.cern.ch/record/2676164",
}


@article{Barlow:1993dm,
    author = "Barlow, Roger J. and Beeston, Christine",
    title = "{Fitting using finite Monte Carlo samples}",
    reportNumber = "MAN-HEP-93-1",
    doi = "10.1016/0010-4655(93)90005-W",
    journal = "Comput. Phys. Commun.",
    volume = "77",
    pages = "219--228",
    year = "1993"
}

@misc{statsaturatedmodel,
    author="{R. D. Cousins}",
    title = "{Generalization of chisquare goodness-of-Fit test for binned data using saturated models, with application to histograms}",
    howpublished = {\url{http://www.physics.ucla.edu/~cousins/stats/cousins_saturated.pdf} (2013)},
}

@article{Junk:1999kv,
    author = "Junk, Thomas",
    title = "{Confidence level computation for combining searches with small statistics}",
    eprint = "hep-ex/9902006",
    archivePrefix = "arXiv",
    reportNumber = "CARLETON-OPAL-PHYS-99-01, CERN-EP-99-041",
    doi = "10.1016/S0168-9002(99)00498-2",
    journal = "Nucl. Instrum. Meth. A",
    volume = "434",
    pages = "435--443",
    year = "1999"
}

@article{Qu:2019gqs,
    author = "Qu, Huilin and Gouskos, Loukas",
    title = "{ParticleNet: Jet Tagging via Particle Clouds}",
    eprint = "arXiv:1902.08570",
    archivePrefix = "arXiv",
    primaryClass = "hep-ph",
    doi = "10.1103/PhysRevD.101.056019",
    journal = "Phys. Rev. D",
    volume = "101",
    number = "5",
    pages = "056019",
    year = "2020"
}

@article{Higgs:1964ia,
    author = "Higgs, Peter W.",
    title = "{Broken symmetries, massless particles and gauge fields}",
    doi = "10.1016/0031-9163(64)91136-9",
    journal = "Phys. Lett.",
    volume = "12",
    pages = "132--133",
    year = "1964"
}

@article{Higgs:1966ev,
    author = "Higgs, Peter W.",
    title = "{Spontaneous Symmetry Breakdown without Massless Bosons}",
    doi = "10.1103/PhysRev.145.1156",
    journal = "Phys. Rev.",
    volume = "145",
    pages = "1156--1163",
    year = "1966"
}

@article{Englert:1964et,
    author = "Englert, F. and Brout, R.",
    editor = "Taylor, J. C.",
    title = "{Broken Symmetry and the Mass of Gauge Vector Mesons}",
    doi = "10.1103/PhysRevLett.13.321",
    journal = "Phys. Rev. Lett.",
    volume = "13",
    pages = "321--323",
    year = "1964"
}

@article{Guralnik:1964eu,
    author = "Guralnik, G. S. and Hagen, C. R. and Kibble, T. W. B.",
    editor = "Taylor, J. C.",
    title = "{Global Conservation Laws and Massless Particles}",
    doi = "10.1103/PhysRevLett.13.585",
    journal = "Phys. Rev. Lett.",
    volume = "13",
    pages = "585--587",
    year = "1964"
}

@article{Kibble:1967sv,
    author = "Kibble, T. W. B.",
    editor = "Taylor, J. C.",
    title = "{Symmetry breaking in nonAbelian gauge theories}",
    doi = "10.1103/PhysRev.155.1554",
    journal = "Phys. Rev.",
    volume = "155",
    pages = "1554--1561",
    year = "1967"
}

@article{Glashow:1961tr,
    author = "Glashow, S. L.",
    title = "{Partial Symmetries of Weak Interactions}",
    doi = "10.1016/0029-5582(61)90469-2",
    journal = "Nucl. Phys.",
    volume = "22",
    pages = "579--588",
    year = "1961"
}

@article{Weinberg:1967tq,
    author = "Weinberg, Steven",
    title = "{A Model of Leptons}",
    doi = "10.1103/PhysRevLett.19.1264",
    journal = "Phys. Rev. Lett.",
    volume = "19",
    pages = "1264--1266",
    year = "1967"
}

@article{Salam:1968rm,
    author = "Salam, Abdus",
    title = "{Weak and Electromagnetic Interactions}",
    doi = "10.1142/9789812795915_0034",
    journal = "Conf. Proc. C",
    volume = "680519",
    pages = "367--377",
    year = "1968"
}

